% Encoding: UTF-8
@book{Knuth1998,
 author = {Knuth, Donald E.},
 title = {The art of computer programming,  volume 3: (2nd ed.) sorting and searching},
 year = {1998},
 publisher = {Addison Wesley Longman Publishing Co., Inc.},
 address = {Redwood City, CA, USA}
}

@book{Pollefliet2011,
  author = {Pollefliet, Leen},
  title = {Schrijven van verslag tot eindwerk: do's en don'ts},
  year = {2011},
  publisher = {Academia Press},
  address = {Gent}
}

@article{Creeger2009,
  author = {Creeger, Mache},
  journal = {Communications of the ACM},
  number = {8},
  pages = {50--56},
  title = {{CTO Roundtable: Cloud Computing}},
  volume = {52},
  year = {2009}
}

@Electronic{Davis2017,
  author    = {David Davis},
  title     = {Fundamentals of Cloud Computing},
  year      = {2017},
  url       = {https://app.pluralsight.com/library/courses/cloud-computing-fundamentals/},
  urldate   = {2019-03-10},
  comment   = {Url date 10/03/2019},
  timestamp = {2019-03-10},
}

@Electronic{Azure2019,
  author    = {Microsoft Azure},
  title     = {What is Cloud Computing?},
  year      = {2019},
  url       = {https://azure.microsoft.com/en-us/overview/what-is-cloud-computing/},
  urldate   = {2019-03-10},
  comment   = {Url date 10/03/2019},
  timestamp = {2019-03-10},
}

@Electronic{Larkin2018,
  author    = {Andrew Larkin},
  title     = {Disadvantages of Cloud Computing},
  year      = {2018},
  url       = {https://cloudacademy.com/blog/disadvantages-of-cloud-computing/},
  urldate   = {2019-03-10},
  comment   = {Url date 10/03/2019},
  timestamp = {2019-03-10},
}

@InBook{Sosinsky2011,
  author    = {Sosinsky, Barrie},
  title     = {Defining Cloud Computing},
  booktitle = {Cloud Computing Bible},
  year      = {2011},
  date      = {2011-11-30},
  publisher = {Wiley Publishing, Inc},
  isbn      = {9781118255674},
  chapter   = {1},
  pages     = {1-22},
  doi       = {10.1002/9781118255674},
  timestamp = {2019-03-13},
}

@Article{Goyal2014,
  author    = {Sumit Goyal},
  title     = {Public vs Private vs Hybrid vs Community Cloud Computing: A Critical Review},
  journal   = {I.J. Computer Network and Information Security},
  year      = {2014},
  volume    = {6},
  doi       = {10.5815/ijcnis.2014.03.03},
  abstract  = {These days cloud computing is booming like no other technology. Every organization whether it's small, mid-sized or big, wants to adapt this cutting edge technology for its business. As cloud technology becomes immensely popular among these businesses, the question arises: Which cloud model to consider for your business? There are four types of cloud models available in the market: Public, Private, Hybrid and Community. This review paper answers the question, which model would be most beneficial for your business. All the four models are defined, discussed and compared with the benefits and pitfalls, thus giving you a clear idea, which model to adopt for your organization.},
  timestamp = {2019-03-15},
}

@Electronic{RedHat2019,
  author    = {{Red Hat}},
  title     = {What is Virtualization?},
  year      = {2019},
  url       = {https://www.redhat.com/en/topics/virtualization/what-is-virtualization},
  urldate   = {2019-03-15},
  timestamp = {2019-03-15},
}

@InBook{Seghal2018,
  author    = {Seghal, Naresh and Bhatt, Pramod},
  title     = {Introduction},
  booktitle = {Cloud Computing Concepts and Practices},
  year      = {2018},
  publisher = {Springer, Cham},
  isbn      = {978-3-319-77839-6},
  chapter   = {1},
  pages     = {1-10},
  doi       = {https://doi.org/10.1007/978-3-319-77839-6},
  timestamp = {2019-03-15},
}

@Book{Roberts2017,
  author    = {Roberts, Mike and Chapin, Jon},
  title     = {What is Serverless?},
  year      = {2017},
  publisher = {O'Reilly},
  url       = {http://www.flanks.org/flanks/logic/stateless_node/what-is-serverless.pdf},
  urldate   = {2019-03-26},
  timestamp = {2019-03-26},
}

@Electronic{Cloudflare2019,
  author    = {Cloudflare},
  title     = {What is BaaS? | Backend-as-a-Service vs. Serverless},
  year      = {2019},
  url       = {https://www.cloudflare.com/learning/serverless/glossary/backend-as-a-service-baas/},
  urldate   = {2019-03-27},
  timestamp = {2019-03-27},
}

@Electronic{Fowler2014,
  author    = {Martin Fowler},
  title     = {Microservices},
  year      = {2014},
  url       = {https://www.youtube.com/watch?v=wgdBVIX9ifA},
  urldate   = {2019-03-29},
  timestamp = {2019-03-29},
}

@Electronic{Docker2019,
  author    = {Docker},
  title     = {What is a container?},
  year      = {2019},
  url       = {https://www.docker.com/resources/what-container},
  urldate   = {2019-03-30},
  timestamp = {2019-03-30},
}

@Electronic{Roberts2018,
  author    = {Mike Roberts},
  title     = {Serverless Architectures},
  year      = {2018},
  date      = {2018-05-22},
  url       = {https://martinfowler.com/articles/serverless.html},
  urldate   = {2019-03-30},
  timestamp = {2019-03-30},
}

@Electronic{OpenFaaS2019,
  author    = {OpenFaaS},
  title     = {Introduction},
  year      = {2019},
  url       = {https://docs.openfaas.com/},
  subtitle  = {OpenFaaS - Serverless Functions Made Simple},
  urldate   = {2019-04-13},
  timestamp = {2019-04-13},
}

@Electronic{FnProject2019,
  author    = {{Fn Project}},
  title     = {Fn Project},
  year      = {2019},
  url       = {https://fnproject.io/},
  urldate   = {2019-04-13},
  timestamp = {2019-04-13},
}

@Electronic{Ellis2019,
  author    = {Alex Ellis},
  title     = {Conceptual Design of OpenFaaS},
  year      = {2019},
  url       = {https://docs.openfaas.com/conceptual/},
  urldate   = {2019-04-14},
  timestamp = {2019-04-14},
}

@Electronic{KnightXun2018,
  author    = {KnightXun},
  title     = {Kubeless Architecture},
  year      = {2018},
  date      = {2018-05-04},
  url       = {https://github.com/kubeless/kubeless/blob/master/docs/architecture.md},
  urldate   = {2019-04-14},
  timestamp = {2019-04-14},
}

@Comment{jabref-meta: databaseType:biblatex;}
